<?xml version="1.0" encoding="utf-8"?>
<record xmlns="http://www.loc.gov/MARC21/slim" xmlns:xsi="http://www.w3.org/2001/XMLSchema-instance" xsi:schemaLocation="http://www.loc.gov/MARC21/slim http://www.loc.gov/standards/marcxml/schema/MARC21slim.xsd">
	<leader>     nam a22     Mi 4500</leader>
	<controlfield tag="001">3872952</controlfield>
	<controlfield tag="003">NjP</controlfield>
	<controlfield tag="006">m        d        </controlfield>
	<controlfield tag="007">cr cn |||m|||a</controlfield>
	<controlfield tag="008">210405m19411943tu ac   ob    000 0 arard</controlfield>
	<datafield ind1=" " ind2=" " tag="040">
		<subfield code="a">ZYU</subfield>
		<subfield code="b">ara</subfield>
		<subfield code="e">rda</subfield>
		<subfield code="c">ZYU</subfield>
	</datafield>
	<datafield ind1=" " ind2="4" tag="050">
		<subfield code="a">Z7835.M6</subfield>
		<subfield code="b">K3 1941</subfield>
	</datafield>
	<datafield ind1="0" ind2=" " tag="100">
		<subfield code="6">880-01</subfield>
		<subfield code="a">Kâtip Çelebi,</subfield>
		<subfield code="d">1609-1657.</subfield>
	</datafield>
	<datafield ind1="1" ind2="0" tag="240">
		<subfield code="6">880-02</subfield>
		<subfield code="a">Kashf al-ẓunūn ʻan asāmi al-kutub wa-al-funūn</subfield>
	</datafield>
	<datafield ind1="1" ind2="0" tag="245">
		<subfield code="6">880-03</subfield>
		<subfield code="a">Kitāb kashf al-ẓunūn ʻan asāmī al-kutub wa-al-funūn /</subfield>
		<subfield code="c">li-Muṣṭafá ibn ʻAbd Allāh al-shahīr bi-Ḥājjī Khalīfah wa-bi-Kātib Jalabī ; ʻuniyah bi-taṣḥīḥuhu wa-ṭabʻuhu ʻala nuskhat al-muʼallif mujarradan ʻan al-ziyādāt wa-al-lawāḥiq min baʻdihi wa-taʻlīq hawāshihi thumma bi-tartīb al-thuyūl ʻalayhi wa-ṭabʻihā Muḥammad Sharaf al-Dīn Yāltaqāyā wa-al-muʻallim Rifʻat Bīlkah al-Kilīsī.</subfield>
	</datafield>
	<datafield ind1="3" ind2=" " tag="246">
		<subfield code="a">Keşf el-zunun</subfield>
	</datafield>
	<datafield ind1=" " ind2=" " tag="260">
		<subfield code="6">880-04</subfield>
		<subfield code="a">[Istanbūl] :</subfield>
		<subfield code="b">[publisher not identified],</subfield>
		<subfield code="c">1941-1943</subfield>
		<subfield code="e">([Istanbūl] :</subfield>
		<subfield code="f">Maṭābiʻ Wikālat al-Maʻārif al-Jalīlah)</subfield>
	</datafield>
	<datafield ind1=" " ind2=" " tag="300">
		<subfield code="a">online resource (2 volumes) :</subfield>
		<subfield code="b">illustrations, portrait</subfield>
	</datafield>
	<datafield ind1=" " ind2=" " tag="336">
		<subfield code="a">text</subfield>
		<subfield code="2">rdacontent</subfield>
	</datafield>
	<datafield ind1=" " ind2=" " tag="337">
		<subfield code="a">computer</subfield>
		<subfield code="2">rdamedia</subfield>
	</datafield>
	<datafield ind1=" " ind2=" " tag="338">
		<subfield code="a">online resource</subfield>
		<subfield code="2">rdacarrier</subfield>
	</datafield>
	<datafield ind1=" " ind2=" " tag="500">
		<subfield code="a">Title on added t.p.: Keşf-el-zunun.</subfield>
	</datafield>
	<datafield ind1=" " ind2=" " tag="500">
		<subfield code="a">Part of the Arabic Collections Online (ACO) project, contributed by Princeton University Libraries.</subfield>
	</datafield>
	<datafield ind1="0" ind2=" " tag="505">
		<subfield code="a">v. 1-2. Keşf-el-zunun -- v. 3-4. Zeyl Keşf-el zunun -- v. 5-6. Hadiyyat al-Arifin.</subfield>
	</datafield>
	<datafield ind1=" " ind2=" " tag="533">
		<subfield code="a">Electronic reproduction.</subfield>
		<subfield code="b">New York, N.Y. :</subfield>
		<subfield code="c">New York University,</subfield>
		<subfield code="d">2021.</subfield>
		<subfield code="5">NNU</subfield>
	</datafield>
	<datafield ind1=" " ind2="0" tag="650">
		<subfield code="a">Islam</subfield>
		<subfield code="v">Bibliography.</subfield>
	</datafield>
	<datafield ind1=" " ind2="0" tag="650">
		<subfield code="a">Arabic literature</subfield>
		<subfield code="v">Bio-bibliography.</subfield>
	</datafield>
	<datafield ind1=" " ind2="7" tag="650">
		<subfield code="a">Arabic literature.</subfield>
		<subfield code="2">fast</subfield>
		<subfield code="0">(OCoLC)fst00812478</subfield>
	</datafield>
	<datafield ind1=" " ind2="7" tag="650">
		<subfield code="a">Islam.</subfield>
		<subfield code="2">fast</subfield>
		<subfield code="0">(OCoLC)fst00979776</subfield>
	</datafield>
	<datafield ind1=" " ind2="7" tag="655">
		<subfield code="a">Bibliographies.</subfield>
		<subfield code="2">fast</subfield>
		<subfield code="0">(OCoLC)fst01919895</subfield>
	</datafield>
	<datafield ind1=" " ind2="7" tag="655">
		<subfield code="a">Bio-bibliography.</subfield>
		<subfield code="2">fast</subfield>
		<subfield code="0">(OCoLC)fst01423685</subfield>
	</datafield>
	<datafield ind1="1" ind2=" " tag="700">
		<subfield code="6">880-05</subfield>
		<subfield code="a">Yāltaqāyā, Muḥammad Sharaf al-Dīn.</subfield>
	</datafield>
	<datafield ind1="0" ind2=" " tag="700">
		<subfield code="6">880-06</subfield>
		<subfield code="a">Kilisli Muallim Rifat,</subfield>
		<subfield code="d">1876-1953.</subfield>
	</datafield>
	<datafield ind1="1" ind2="2" tag="700">
		<subfield code="6">880-07</subfield>
		<subfield code="a">Bābānī, Ismāʻīl Bāshā,</subfield>
		<subfield code="d">-1920 or 1921.</subfield>
		<subfield code="t">Iḍāḥ al-maknūn.</subfield>
	</datafield>
	<datafield ind1="1" ind2="2" tag="700">
		<subfield code="6">880-08</subfield>
		<subfield code="a">Bābānī, Ismāʻīl Bāshā,</subfield>
		<subfield code="d">-1920 or 1921.</subfield>
		<subfield code="t">Hadīyat al-ʻārifīn.</subfield>
	</datafield>
	<datafield ind1="2" ind2=" " tag="710">
		<subfield code="a">Princeton University.</subfield>
		<subfield code="b">Library.</subfield>
	</datafield>
	<datafield ind1="0" ind2=" " tag="730">
		<subfield code="a">Arabic Collections Online.</subfield>
	</datafield>
	<datafield ind1="0" ind2="8" tag="776">
		<subfield code="i">Print version:</subfield>
		<subfield code="a">Kâtip Çelebi, 1609-1657.</subfield>
		<subfield code="t">Kitāb kashf al-ẓunūn ʻan asāmī al-kutub wa-al-funūn</subfield>
		<subfield code="w">(NjP)3872952</subfield>
		<subfield code="w">(OCoLC)43370624</subfield>
	</datafield>
	<datafield ind1="4" ind2="0" tag="856">
		<subfield code="u">http://hdl.handle.net/2333.1/wstqk1gc</subfield>
	</datafield>
	<datafield ind1="0" ind2=" " tag="880">
		<subfield code="6">100-01</subfield>
		<subfield code="a">كاتب جلبي,</subfield>
		<subfield code="d">1609-1657.</subfield>
	</datafield>
	<datafield ind1="1" ind2="0" tag="880">
		<subfield code="6">240-02</subfield>
		<subfield code="a">كشف الظنون عن اسام الكتب والفنون</subfield>
	</datafield>
	<datafield ind1="1" ind2="0" tag="880">
		<subfield code="6">245-03</subfield>
		<subfield code="a">كتاب كشف الظنون عن اسامي الكتب والفنون /</subfield>
		<subfield code="c">لمصطفى بن عبد الله الشهير بحاجي خليفة وبكاتب جلبي ؛ عنية بتصحيحه وطبعه عل نسخة المؤلف مجردن عن الزيادات واللواحق من بعده وتعليق حواشحه ثم بترتيب الثيول عليه وطبعها محمد شرف الدين يالتقايا والمعلم رفعة بيلكة الكليسي.</subfield>
	</datafield>
	<datafield ind1=" " ind2=" " tag="880">
		<subfield code="6">260-04</subfield>
		<subfield code="a">[استنبول] :</subfield>
		<subfield code="b">[publisher not identified]،</subfield>
		<subfield code="c">1941-1943</subfield>
		<subfield code="e">([استنبول] :</subfield>
		<subfield code="f">مطابع وكالة المعارف الجليلة)</subfield>
	</datafield>
	<datafield ind1="1" ind2=" " tag="880">
		<subfield code="6">700-05</subfield>
		<subfield code="a">يالتقايا، محمد شرف الدين.</subfield>
	</datafield>
	<datafield ind1="0" ind2=" " tag="880">
		<subfield code="6">700-06</subfield>
		<subfield code="a">كلسي معلم رفعت،</subfield>
		<subfield code="d">1876-1953.</subfield>
	</datafield>
	<datafield ind1="1" ind2="2" tag="880">
		<subfield code="6">700-07</subfield>
		<subfield code="a">باباني، اسماعيل باشا،</subfield>
		<subfield code="d">-1920 or 1921.</subfield>
		<subfield code="t">ايضاح المكنون.</subfield>
	</datafield>
	<datafield ind1="1" ind2="2" tag="880">
		<subfield code="6">700-08</subfield>
		<subfield code="a">باباني، اسماعيل باشا،  -1920 or 1921.</subfield>
		<subfield code="t">هدية العارفين.</subfield>
	</datafield>
	<datafield ind1=" " ind2=" " tag="959">
		<subfield code="a">NNU</subfield>
		<subfield code="b">WEB</subfield>
		<subfield code="c">GENI</subfield>
		<subfield code="t">0</subfield>
		<subfield code="m">Electronic access</subfield>
		<subfield code="s">01</subfield>
	</datafield>
	<datafield ind1=" " ind2=" " tag="999">
		<subfield code="i">NjP_3872952</subfield>
		<subfield code="o">(OCoLC)ocm43370624</subfield>
		<subfield code="s">princeton_aco004922:juz 1</subfield>
		<subfield code="s">princeton_aco004923:juz 2</subfield>
		<subfield code="s">princeton_aco004921:suppl.</subfield>
		<subfield code="e">(ERROR-880)</subfield>
		<subfield code="s">princeton_aco004922:juz 1</subfield>
		<subfield code="s">princeton_aco004923:juz 2</subfield>
		<subfield code="s">princeton_aco004921:suppl.</subfield>
	</datafield>
</record>
